@TECHREPORT{Agarwal09,
  author = {Agarwal, Anant and Rinard, Martin and Sidiroglou, Stelios and Misailovic,
	Sasa and Hoffmann, Henry},
  title = {Using Code Perforation to Improve Performance, Reduce Energy Consumption,
	and Respond to Failures},
  institution = {MIT},
  year = {2009},
  url={http://hdl.handle.net/1721.1/46709}
}


@inproceedings{Sampson11,
 author = {Sampson, Adrian and Dietl, Werner and Fortuna, Emily and Gnanapragasam, Danushen and Ceze, Luis and Grossman, Dan},
 title = {Ener{J}: Approximate Data Types for Safe and General Low-power Computation},
 booktitle = {Proceedings of the 32nd ACM SIGPLAN Conference on Programming Language Design and Implementation},
 series = {PLDI '11},
 year = {2011},
 isbn = {978-1-4503-0663-8},
 location = {San Jose, California, USA},
 pages = {164--174},
 numpages = {11},
 url = {http://doi.acm.org/10.1145/1993498.1993518},
 doi = {10.1145/1993498.1993518},
 acmid = {1993518},
 publisher = {ACM},
 address = {New York, NY, USA},
 keywords = {accuracy-aware computing, critical data, energy, power-aware computing, soft errors},
}

@inproceedings{Esmaeilzadeh12,
 author = {Esmaeilzadeh, Hadi and Sampson, Adrian and Ceze, Luis and Burger, Doug},
 title = {Neural Acceleration for General-Purpose Approximate Programs},
 booktitle = {Proceedings of the 2012 45th Annual IEEE/ACM International Symposium on Microarchitecture},
 series = {MICRO-45},
 year = {2012},
 isbn = {978-0-7695-4924-8},
 location = {Vancouver, B.C., CANADA},
 pages = {449--460},
 numpages = {12},
 url = {http://dx.doi.org/10.1109/MICRO.2012.48},
 doi = {10.1109/MICRO.2012.48},
 acmid = {2457519},
 publisher = {IEEE Computer Society},
 address = {Washington, DC, USA},
 keywords = {Approximate Computing, Neural Networks, Accelerator, Neural Processing Unit, NPU},
} 

@inproceedings{Venkataramani13,
 author = {Venkataramani, Swagath and Chippa, Vinay K. and Chakradhar, Srimat T. and Roy, Kaushik and Raghunathan, Anand},
 title = {Quality Programmable Vector Processors for Approximate Computing},
 booktitle = {Proceedings of the 46th Annual IEEE/ACM International Symposium on Microarchitecture},
 series = {MICRO-46},
 year = {2013},
 isbn = {978-1-4503-2638-4},
 location = {Davis, California},
 pages = {1--12},
 numpages = {12},
 url = {http://doi.acm.org/10.1145/2540708.2540710},
 doi = {10.1145/2540708.2540710},
 acmid = {2540710},
 publisher = {ACM},
 address = {New York, NY, USA},
 keywords = {approximate computing, energy-efficient architecture, intrinsic application resilience, quality programmable processors},
}

@article{Amant14,
  title={General-Purpose Code Acceleration with Limited-Precision Analog Computation},
  author={Amant, Ren{\'e}e St and Yazdanbakhsh, Amir and Park, Jongse and Thwaites, Bradley and Esmaeilzadeh, Hadi and Hassibi, Arjang and Ceze, Luis and Burger, Doug},
  booktitle = {ISCA},
  year      = {2014},
  url       = {http://www.cc.gatech.edu/~hesmaeil/doc/paper/2014-isca-anpu.pdf},
}

@article{fahlman,
  title={The Cascade-Correlation Learning Architecture},
  author={Fahlman, Scott E. and Lebiere, Christian},
  year = 1989,
  url = {http://repository.cmu.edu/cgi/viewcontent.cgi?article=2937&context=compsci}
}